2023 3543
1061 261 1091 308 6

370 406 758 475 Septentrionem
800 423 966 455 versus
1015 406 1092 455 hic
1132 416 1338 464 tractus,
1384 405 1517 472 jugis
1559 413 1604 453 et
1644 402 1908 455 declivibus

258 493 530 563 praeditus,
583 497 628 543 in
673 503 858 542 montes
898 495 1019 541 cIrca
1060 492 1234 561 Kynau
1283 489 1550 549 descendit,
1606 501 1651 540 et
1698 493 1910 542 amoeni-

259 591 357 632 tate
397 591 444 631 et
483 581 784 648 vegetatione
822 580 1048 647 insignes.

370 667 511 719 Mons
551 666 868 734 zopothicus,
922 684 981 715 ex
1021 668 1229 734 granito,
1277 663 1565 733 Serpentino
1607 666 1910 732 superimpo-

260 758 370 812 sito,
413 753 670 814 formatus,
721 754 974 803 universae
1027 751 1224 802 Silesiae
1274 751 1488 802 inferiori
1538 751 1712 801 eximio
1765 769 1906 800 orna-

259 851 419 893 mento
460 850 544 899 est,
588 851 647 900 et,
690 857 837 909 quum
877 841 1031 908 prima
1071 842 1133 890 sit
1173 857 1233 890 ex
1270 839 1465 908 planitie
1504 838 1723 897 elevatio,
1765 839 1904 889 etiam

260 932 434 998 stirpes
473 926 728 977 nonnullas
767 944 901 977 raras
942 926 1156 995 praebet.

370 1016 551 1066 Plantis
604 1013 871 1064 rarioribus
918 1016 1056 1064 etiam
1108 1017 1259 1084 magis
1305 1012 1520 1064 abundat
1560 1029 1721 1073 mons,
1774 1030 1912 1081 quem

273 1103 627 1170 »Geiersberg«
679 1101 862 1151 incolae
902 1101 1160 1169 appellant,
1203 1100 1324 1151 valle
1350 1110 1535 1151 tantum
1567 1110 1770 1170 angusta
1798 1099 1914 1150 alta-

262 1208 354 1259 que
395 1209 420 1240 a
460 1188 629 1239 Monto
670 1188 931 1256 zopothico
980 1188 1265 1255 disjunctus,

370 1277 555 1335 Restat,
597 1285 651 1325 ut
679 1277 966 1325 mentionem
1005 1274 1172 1325 faciam
1215 1277 1463 1334 montium,
1508 1276 1590 1343 qui
1618 1273 1913 1342 Strigoviam

262 1374 450 1422 ornant,
482 1372 626 1432 atque
647 1362 1097 1422 Fuerstensteiniae‚
1129 1364 1267 1430 cujus
1295 1363 1557 1413 amoenitas
1587 1360 1647 1411 ab
1670 1358 1909 1418 omnibuS‚

268 1453 349 1520 qui
389 1449 630 1510 viderunt,
672 1448 956 1499 celebratur.

373 1537 513 1588 Solas
553 1554 633 1586 eas
674 1538 855 1603 species
896 1538 1076 1604 recepi,
1135 1554 1254 1604 quas
1301 1537 1391 1586 rite
1439 1551 1787 1602 cognoveram,
1837 1535 1913 1584 vel

264 1642 400 1693 quas,
444 1642 467 1674 a
510 1641 582 1673 me
610 1621 814 1690 quidem
856 1624 1009 1681 visas,
1051 1622 1135 1672 sed
1176 1640 1272 1672 non
1311 1622 1427 1671 satis
1469 1623 1790 1680 examinatas,
1844 1622 1917 1676 ulf·

261 1713 428 1761 teriori
474 1709 804 1761 observationi
846 1708 1246 1759 commendandas
1288 1709 1700 1769 existimaveram3
1752 1725 1915 1759 omnes

264 1817 289 1848 a
331 1815 402 1847 me
441 1813 537 1846 non
579 1797 732 1855 visas,
774 1795 1032 1864 pluresque
1074 1813 1214 1845 manu
1254 1796 1451 1845 nimium
1490 1795 1583 1844 levi
1625 1804 1913 1855 exstructas,

264 1884 484 1935 consulto
527 1884 776 1950 praeterii,
829 1900 887 1932 ne
927 1892 1052 1932 certa
1093 1885 1284 1932 incertis
1326 1876 1651 1947 miscerentur.
1732 1881 1916 1932 Herbas

267 1987 461 2040 quoque
499 1971 683 2036 recepi,
728 1987 846 2038 quas
888 1970 1103 2019 homines
1144 1971 1190 2018 in
1231 1971 1448 2036 ipsorum
1490 1985 1628 2017 usum
1670 1969 1947 2034 copiosius

265 2058 445 2117 colunt,
488 2066 532 2107 et
573 2073 720 2125 quum
758 2055 1153 2125 Aeotyledoneae
1182 2055 1470 2119 Vasculares
1511 2053 1646 2104 facile
1687 2056 1916 2122 cognosci

263 2146 468 2213 possint,
511 2161 588 2193 eas
629 2161 821 2212 quoque
850 2144 979 2193 hisce
1008 2142 1207 2211 pagellis
1237 2139 1527 2208 adjiciendas
1569 2143 1746 2190 censui.
1808 2140 1916 2191 Dis-

265 2232 444 2300 positio
486 2231 789 2298 systematica
830 2229 974 2297 hujus
1004 2229 1250 2298 prodromi
1280 2227 1601 2278 fundamentis
1631 2225 1916 2295 Systematis

265 2316 495 2368 naturalis
538 2315 848 2367 Candolleani
890 2316 1116 2383 adaptata
1148 2325 1232 2365 est.
1312 2315 1440 2364 Loca
1481 2315 1701 2382 stirpium
1741 2314 1916 2364 natalia

267 2423 327 2455 ex
365 2403 590 2454 herbario
634 2421 737 2454 meo
781 2404 934 2454 hausi.
1015 2402 1189 2452 Earum
1232 2402 1530 2469 plantarum,
1573 2417 1696 2469 quae
1735 2399 1915 2469 ubique

269 2501 544 2550 occurrunt,
586 2491 690 2541 loca
730 2491 905 2541 natalia
946 2490 1008 2541 ob
1051 2490 1191 2558 spatii
1222 2489 1468 2556 angustias
1509 2486 1638 2537 haud
1679 2489 1858 2550 notavi.

375 2577 480 2628 Jam
520 2596 634 2626 vero
686 2579 800 2627 satis
852 2595 923 2627 me
973 2585 1253 2627 excusatum
1305 2585 1468 2631 ratus,
1524 2573 1640 2623 nihil
1679 2574 1914 2642 reliquum

269 2665 440 2723 habeo,
484 2681 623 2733 quam
664 2674 719 2714 ut
757 2664 964 2722 lectoris,
1007 2665 1044 2712 si
1088 2680 1225 2731 quem
1267 2660 1523 2712 habiturus
1560 2663 1663 2719 sim,
1708 2659 1917 2710 benevo-

268 2752 458 2802 lentiam
499 2752 546 2800 in
588 2751 785 2819 pagellis
826 2751 954 2801 hisce
1006 2747 1326 2816 dijudicandis
1367 2765 1600 2807 exorans,
1651 2746 1711 2797 ad
1758 2748 1915 2815 ipsum

269 2838 488 2888 accedam
529 2841 849 2906 propositum.
906 2837 1148 2904 Scriptum
1173 2846 1328 2885 autem
1371 2844 1442 2884 est
1479 2834 1570 2884 hoc
1612 2834 1914 2902 opusculum,

270 2934 324 2974 ut
375 2926 543 2974 notitia
584 2927 847 2993 specierum
889 2924 1147 2991 adjuvetur
1186 2933 1231 2973 et
1270 2932 1526 2990 augeatur3
1581 2921 1711 2991 quod
1752 2924 1789 2971 si
1829 2924 1916 2970 im-

271 3012 574 3078 petraverim,
617 3011 680 3071 id,
724 3010 857 3081 quod
897 3011 1044 3071 volui,
1087 3028 1159 3061 me
1186 3019 1456 3061 assecutum
1497 2996 1599 3061 esse
1638 3007 1840 3060 fatebor.

998 3201 1212 3220 -Q-—h
1258 3209 1266 3211 -
