2023 3543
566 418 1417 506 PRQQEMwM

881 585 1082 595 -—--—-.—

143 685 338 784 Quum
379 716 651 786 antiquitus
694 713 924 767 traditum
967 714 1031 764 sit
1071 723 1118 764 et
1159 730 1293 763 more
1335 711 1572 780 majorum
1617 713 1823 780 impera-

142 818 260 867 tum,
302 815 372 866 ut,
416 806 696 875 quicunque
736 820 954 854 summos
996 802 1043 851 in
1084 800 1324 853 medicina
1366 810 1412 851 et
1453 799 1698 870 chirurgia
1736 802 1824 851 ho-

142 912 285 946 nores
340 903 603 963 appetant,
653 891 1044 944 dissertationem
1097 888 1433 951 conscribant,
1489 887 1710 958 equidem
1764 888 1824 941 ad

140 983 234 1037 hoc
275 1000 346 1034 me
387 983 578 1033 accinxi
619 999 760 1050 opus,

254 1070 505 1141 Cogitanti
563 1069 705 1131 mihi,
771 1087 865 1139 qua
929 1068 988 1119 de
1039 1068 1237 1119 materia
1297 1064 1582 1126 scriberem,
1645 1066 1824 1118 nullius

141 1161 372 1213 momenti
412 1161 570 1210 visum
614 1168 700 1217 est,
745 1175 1001 1228 quamnam
1044 1156 1286 1226 eligerem,
1331 1171 1480 1224 quum
1514 1154 1676 1222 jussui
1718 1166 1824 1207 tan-

141 1260 242 1303 tum
285 1248 500 1301 Gratiosi
541 1245 848 1299 Medicorum
892 1243 1090 1297 Ordinis
1142 1242 1424 1297 satisfacere.
1469 1260 1725 1312 cuperem,
1778 1255 1826 1295 et

140 1341 255 1390 novi
299 1335 507 1407 aliquid,
560 1345 644 1386 aut
685 1345 812 1385 certe
855 1332 988 1403 quod
1031 1333 1229 1402 majoris
1271 1341 1396 1382 esset
1437 1334 1692 1392 momenti,
1750 1350 1824 1383 me

141 1427 398 1479 allaturum
457 1441 615 1493 neque
675 1440 921 1493 sperarem
982 1439 1140 1492 neque
1200 1430 1507 1490 appeterem,
1570 1437 1668 1470 non
1728 1431 1824 1471 tam

139 1525 345 1586 propter
394 1514 620 1581 exiguam
663 1529 823 1561 rerum
866 1512 1070 1579 copiam,
1114 1526 1259 1578 quam
1302 1526 1356 1558 ea
1386 1507 1445 1558 de
1486 1525 1647 1568 causa,
1690 1508 1825 1577 quod

141 1605 302 1655 omnia
354 1600 627 1653 difficiliora
679 1608 841 1659 erant,
904 1615 1048 1668 quam
1101 1614 1224 1666 quae
1268 1596 1491 1664 juvenis,
1546 1598 1677 1647 omni
1726 1595 1825 1648 fere

141 1692 443 1761 experientia
485 1688 752 1740 destitutus
795 1696 841 1738 et
882 1703 1014 1737 more
1053 1687 1100 1735 in
1144 1702 1336 1735 arenam
1380 1683 1672 1737 descendere
1713 1703 1826 1736 coa-

141 1791 273 1840 ctuS‚
325 1779 450 1829 satis
492 1775 903 1846 perfecte·atque
953 1783 1193 1828 accurate,
1227 1782 1578 1841 perscrutetur.
1658 1773 1709 1823 ln
1750 1773 1825 1824 his

109 1869 379 1939 ,angustiis
409 1883 558 1936 quum
589 1881 824 1924 versarer,
866 1861 1168 1923 recordatUS,
1212 1861 1405 1912 Floram
1446 1861 1634 1929 patriae
1675 1878 1823 1923 meae,

140 1975 241 2009 non
291 1966 387 2007 tam
442 1970 643 2004 numero
705 1952 1207 2022 specierum,·quam
1267 1949 1506 2019 stirpibus
1564 1951 1825 2001 rarissimis

142 2047 396 2115 insignem,
440 2061 466 2093 a
507 2041 640 2092 nullo
683 2057 839 2110 usque
883 2038 1079 2090 adhoc
1121 2049 1314 2107 tempus
1353 2037 1690 2089 adumbratam
1722 2055 1826 2089 esse

143 2145 290 2203 atque
331 2130 464 2183 haud
503 2113 683 2180 inutile*
713 2138 849 2180 ratus
889 2128 1038 2196 hujus
1074 2129 1143 2178 rei
1169 2117 1359 2178 initium
1388 2125 1562 2188 facere,
1606 2125 1665 2177 ad
1694 2126 1826 2178 hunc

142 2220 462 2292 prodromum
504 2228 711 2270 mentem
753 2216 958 2277 adverti,
1002 2233 1058 2267 eo
1091 2217 1260 2286 magiS,
1306 2214 1440 2285 quod
1477 2216 1526 2264 in
1554 2214 1824 2265 exercenda

145 2310 371 2361 botanice
422 2325 538 2377 prae
588 2307 758 2357 ceteris
817 2305 1030 2356 scientiis
1089 2302 1400 2355 naturalibus
1461 2302 1544 2354 diu
1602 2313 1825 2354 versatus

143 2415 312 2468 agrum
383 2394 770 2447 Suidniciensem
839 2396 1034 2463 penitus
1101 2395 1232 2444 novi.
1312 2391 1603 2462 Priusquam
1665 2402 1824 2442 autem

143 2485 326 2546 ordiar,
369 2484 601 2535 nonnulla
643 2483 758 2534 mibi
800 2482 1030 2549 videntur
1070 2479 1448 2552 praemonenda.

291 2574 463 2626 Florae
504 2571 834 2624 Suidniciensi
885 2573 1122 2640 spatium*
1151 2569 1368 2622 concedo
1417 2587 1504 2639 per
1545 2587 1710 2620 omnes
1754 2568 1824 2619 di-

146 2663 419 2715 mensiones
470 2680 496 2712 a
550 2659 826 2723 Suidnicio,
868 2662 958 2711 tria
1013 2659 1110 2711 fere
1162 2659 1382 2710 milliaria
1440 2669 1636 2728 patens,
1690 2656 1823 2728 quod

144 2769 299 2821 pauca
340 2761 526 2801 tantum
569 2750 676 2800 loca
718 2750 1008 2809 remotiora,
1061 2747 1301 2818 stirpibus
1344 2746 1672 2816 peculiaribus
1716 2764 1821 2796 mu-

143 2842 267 2900 nita,
330 2837 584 2889 excedant.
665 2838 853 2889 Horum
915 2839 1122 2888 maxime
1182 2837 1532 2908 nominaverim
1585 2836 1821 2885 montium

80 2919 369 3001 [firactuim
401 2945 543 2997 quem
573 2936 754 2979 vocant
794 2925 1217 2997 »Eulengebirge«
1237 2965 1247 2975 .
1302 2922 1566 2975 Cacumina
1594 2923 1823 2974 altissima

78 3010 249 3084 ‘qus
289 3011 387 3080 (die
431 3014 559 3066 hohe
589 3014 706 3065 Eule
748 3013 848 3065 und
891 3014 967 3065 die
996 3010 1386 3085 Son‘nenkoppe)
1427 3011 1486 3065 ad
1517 3009 1820 3064 altitudinem

87 3101 309 3191 033036'
352 3114 399 3156 ct
437 3100 600 3155 2840'
643 3102 934 3156 evehuntur.

98 3256 131 3271 'u

76 3367 84 3371 ’
105 3369 127 3404 ζ)
